% Agile
@book{martin2006agile,
  title={Agile Principles, Patterns, and Practices in C\#},
  author={Martin, R.C. and Martin, M.},
  isbn={9780132797146},
  url={https://books.google.dk/books?id=hckt7v6g09oC},
  year={2006},
  publisher={Pearson Education}
}

% Cockburn
@article{cockburn1997structuring,
  title={Structuring Use Cases with Goals1},
  author={Cockburn, Alistair},
  year={1997}
}

% CC
@book{mcconnell2004code,
  title={Code Complete},
  author={McConnell, S.},
  isbn={9780735636972},
  series={Developer Best Practices},
  url={https://books.google.dk/books?id=LpVCAwAAQBAJ},
  year={2004},
  publisher={Pearson Education}
}

% Geek
@book{fitzpatrick2012team,
  title={Team Geek: A Software Developer's Guide to Working Well with Others},
  author={Fitzpatrick, B. and Collins-Sussman, B.},
  isbn={9781449302443},
  series={Oreilly and Associate Series},
  url={https://books.google.dk/books?id=Iwk\_pKeBc9gC},
  year={2012},
  publisher={O'Reilly Media, Incorporated}
}

@online{DjangoDoc,
  author = {Django Software Foundation},
  title = {{Django 1.9 Documentation},
  url = {https://docs.djangoproject.com/en/1.9/},
  urldate = {2016-07-15}
}
